@article{germoglio2010arquitetura,
  author="GERMOGLIO, Guilherme",
  title="Arquitetura de software",
  journal="Texas: Rice University",
  year="2010"
},

@book{ISOIEC9126,
  author="ISO IEC",
  title="ISO IEC 9126. Software engineering Product quality",
  publisher="ISO IEC",
  year="2001"
}

