@book{clements2002documenting,
  author="Clements, Paul and Garlan, David and Bass, Len and Stafford, Judith and Nord, Robert and Ivers, James and Little, Reed",
  title="Documenting software architectures views and beyond",
  publisher="Pearson Education",
  year="2002"
},


